<record><leader>00000cas a2200000Ma 4500</leader><controlfield tag="001">11074312</controlfield><controlfield tag="008">840821d18641918inudn ne      0    0ger d</controlfield><datafield ind1=" " ind2=" " tag="010"><subfield code="a">sn 84023918 </subfield></datafield><datafield ind1=" " ind2=" " tag="040"><subfield code="a">AQM</subfield><subfield code="b">eng</subfield><subfield code="c">AQM</subfield><subfield code="d">OCLCQ</subfield><subfield code="d">OCLCF</subfield><subfield code="d">OCLCO</subfield></datafield><datafield ind1="0" ind2=" " tag="041"><subfield code="a">ger</subfield><subfield code="a">eng</subfield></datafield><datafield ind1="0" ind2="0" tag="245"><subfield code="a">Ta&#776;glicher Evansville Demokrat.</subfield></datafield><datafield ind1=" " ind2=" " tag="260"><subfield code="a">Evansville, Ind. :</subfield><subfield code="b">F. Lauenstein</subfield></datafield><datafield ind1=" " ind2=" " tag="300"><subfield code="a">v.</subfield></datafield><datafield ind1=" " ind2=" " tag="310"><subfield code="a">Daily (except Mon.)</subfield></datafield><datafield ind1="1" ind2=" " tag="362"><subfield code="a">Began in 1864; ceased in May 1918.</subfield></datafield><datafield ind1=" " ind2=" " tag="546"><subfield code="a">In German, some notices in English.</subfield></datafield><datafield ind1=" " ind2=" " tag="580"><subfield code="a">Weekly ed.: Wo&#776;chentlicher Evansville Demokrat.</subfield></datafield><datafield ind1=" " ind2=" " tag="580"><subfield code="a">Sunday ed. has subtitle: Sonntags-Blatt.</subfield></datafield><datafield ind1=" " ind2=" " tag="588"><subfield code="a">Description based on: Jahrg. 13, no. 19 (2. Juli, 1876).</subfield></datafield><datafield ind1=" " ind2="0" tag="650"><subfield code="a">German Americans</subfield><subfield code="v">Newspapers.</subfield></datafield><datafield ind1=" " ind2="4" tag="655"><subfield code="a">Ethnic newspapers.</subfield></datafield><datafield ind1=" " ind2="7" tag="655"><subfield code="a">Newspapers.</subfield><subfield code="2">fast</subfield><subfield code="0">(OCoLC)fst01423814</subfield></datafield><datafield ind1=" " ind2="7" tag="650"><subfield code="a">German Americans.</subfield><subfield code="2">fast</subfield><subfield code="0">(OCoLC)fst00941308</subfield></datafield><datafield ind1=" " ind2=" " tag="752"><subfield code="a">United States</subfield><subfield code="b">Indiana</subfield><subfield code="c">Vanderburgh</subfield><subfield code="d">Evansville.</subfield></datafield><datafield ind1="1" ind2=" " tag="775"><subfield code="t">Wo&#776;chentliche Evansville Demokrat</subfield><subfield code="w">(DLC)sn 84027343</subfield><subfield code="w">(OCoLC)11036635</subfield></datafield><datafield ind1="1" ind2=" " tag="775"><subfield code="t">Sonntags-Demokrat</subfield></datafield></record>